@article{witten1989,
author = "Witten, Edward",
fjournal = "Communications in Mathematical Physics",
journal = "Comm. Math. Phys.",
number = "3",
pages = "351--399",
publisher = "Springer",
title = "Quantum field theory and the Jones polynomial",
url = "https://projecteuclid.org:443/euclid.cmp/1104178138",
volume = "121",
year = "1989"
}
@ARTICLE{higherbos,
   author = {{Kapustin}, A. and {Thorngren}, R.},
    title = "{Fermionic SPT phases in higher dimensions and bosonization}",
  journal = {Journal of High Energy Physics},
archivePrefix = "arXiv",
   eprint = {1701.08264},
 primaryClass = "cond-mat.str-el",
 keywords = {Anomalies in Field and String Theories, Effective Field Theories, Topological Field Theories, Topological States of Matter},
     year = 2017,
    month = oct,
   volume = 10,
      eid = {80},
    pages = {80},
      doi = {10.1007/JHEP10(2017)080},
   adsurl = {http://adsabs.harvard.edu/abs/2017JHEP...10..080K},
  adsnote = {Provided by the SAO/NASA Astrophysics Data System}
}
@ARTICLE{GK,
   author = {{Gaiotto}, D. and {Kapustin}, A.},
    title = "{Spin TQFTs and fermionic phases of matter}",
  journal = {International Journal of Modern Physics A},
archivePrefix = "arXiv",
   eprint = {1505.05856},
 primaryClass = "cond-mat.str-el",
     year = 2016,
    month = oct,
   volume = 31,
      eid = {1645044-184},
    pages = {1645044-184},
      doi = {10.1142/S0217751X16450445},
   adsurl = {http://adsabs.harvard.edu/abs/2016IJMPA..3145044G},
  adsnote = {Provided by the SAO/NASA Astrophysics Data System}
}

@ARTICLE{highersymm,
   author = {{Kapustin}, A. and {Thorngren}, R.},
    title = "{Higher symmetry and gapped phases of gauge theories}",
  journal = {In Book: Physics and Mathematics in the 21st Century},
archivePrefix = "arXiv",
   eprint = {1309.4721},
 primaryClass = "hep-th",
 keywords = {High Energy Physics - Theory, Condensed Matter - Strongly Correlated Electrons, Mathematics - Quantum Algebra},
     year = 2013,
    month = sep,
   adsurl = {http://adsabs.harvard.edu/abs/2013arXiv1309.4721K},
  adsnote = {Provided by the SAO/NASA Astrophysics Data System}
}
@ARTICLE{supertube,
   author = {{Aasen}, D. and {Lake}, E. and {Walker}, K.},
    title = "{Fermion condensation and super pivotal categories}",
  journal = {ArXiv e-prints},
archivePrefix = "arXiv",
   eprint = {1709.01941},
 primaryClass = "cond-mat.str-el",
 keywords = {Condensed Matter - Strongly Correlated Electrons, High Energy Physics - Theory, Mathematics - Quantum Algebra, Quantum Physics},
     year = 2017,
    month = sep,
   adsurl = {http://adsabs.harvard.edu/abs/2017arXiv170901941A},
  adsnote = {Provided by the SAO/NASA Astrophysics Data System}
}
@ARTICLE{GKSW,
   author = {{Gaiotto}, D. and {Kapustin}, A. and {Seiberg}, N. and {Willett}, B.
	},
    title = "{Generalized global symmetries}",
  journal = {Journal of High Energy Physics},
archivePrefix = "arXiv",
   eprint = {1412.5148},
 primaryClass = "hep-th",
 keywords = {Global Symmetries, Wilson, 't Hooft and Polyakov loops, Topological States of Matter, Anomalies in Field and String Theories},
     year = 2015,
    month = feb,
   volume = 2,
      eid = {172},
    pages = {172},
      doi = {10.1007/JHEP02(2015)172},
   adsurl = {http://adsabs.harvard.edu/abs/2015JHEP...02..172G},
  adsnote = {Provided by the SAO/NASA Astrophysics Data System}
}
@ARTICLE{CKR,
   author = {{Chen}, Y.-A. and {Kapustin}, A. and {Radi{\v c}evi{\'c}}, {D}.
	},
    title = "{Exact bosonization in two spatial dimensions and a new class of lattice gauge theories}",
  journal = {Annals of Physics},
archivePrefix = "arXiv",
   eprint = {1711.00515},
 primaryClass = "cond-mat.str-el",
 keywords = {Bosonization, Lattice gauge theory},
     year = 2018,
    month = jun,
   volume = 393,
    pages = {234-253},
      doi = {10.1016/j.aop.2018.03.024},
   adsurl = {http://adsabs.harvard.edu/abs/2018AnPhy.393..234C},
  adsnote = {Provided by the SAO/NASA Astrophysics Data System}
}
@ARTICLE{CK,
   author = {{Chen}, Y.-A. and {Kapustin}, A.},
    title = "{Bosonization in three spatial dimensions and a 2-form gauge theory}",
  journal = {ArXiv e-prints},
archivePrefix = "arXiv",
   eprint = {1807.07081},
 primaryClass = "cond-mat.str-el",
 keywords = {Condensed Matter - Strongly Correlated Electrons, High Energy Physics - Theory},
     year = 2018,
    month = jul,
   adsurl = {http://adsabs.harvard.edu/abs/2018arXiv180707081C},
  adsnote = {Provided by the SAO/NASA Astrophysics Data System}
}
@article{freed2008,
author = "Freed, D. S.",
doi = "10.4310/jdg/1217361066",
fjournal = "Journal of Differential Geometry",
journal = "J. Differential Geom.",
month = "09",
number = "1",
pages = "45--77",
publisher = "Lehigh University",
title = "Pions and generalized cohomology",
url = "https://doi.org/10.4310/jdg/1217361066",
volume = "80",
year = "2008"
}
@ARTICLE{GuWen,
   author = {{Gu}, Z.-C. and {Wen}, X.-G.},
    title = "{Symmetry-protected topological orders for interacting fermions -- Fermionic topological nonlinear $\sigma$ models and a special group supercohomology theory}",
  journal = {ArXiv e-prints},
archivePrefix = "arXiv",
   eprint = {1201.2648},
 primaryClass = "cond-mat.str-el",
 keywords = {Condensed Matter - Strongly Correlated Electrons, High Energy Physics - Theory, Mathematical Physics, Quantum Physics},
     year = 2012,
    month = jan,
   adsurl = {http://adsabs.harvard.edu/abs/2012arXiv1201.2648G},
  adsnote = {Provided by the SAO/NASA Astrophysics Data System}
}
@ARTICLE{LZW,
   author = {{Lan}, T. and {Zhu}, C. and {Wen}, X.-G.},
    title = "{Fermion decoration construction of symmetry protected trivial orders for fermion systems with any symmetries $G\_f$ and in any dimensions}",
  journal = {ArXiv e-prints},
archivePrefix = "arXiv",
   eprint = {1809.01112},
 primaryClass = "cond-mat.str-el",
 keywords = {Condensed Matter - Strongly Correlated Electrons},
     year = 2018,
    month = sep,
   adsurl = {http://adsabs.harvard.edu/abs/2018arXiv180901112L},
  adsnote = {Provided by the SAO/NASA Astrophysics Data System}
}
@ARTICLE{BGK,
   author = {{Bhardwaj}, L. and {Gaiotto}, D. and {Kapustin}, A.},
    title = "{State sum constructions of spin-TFTs and string net constructions of fermionic phases of matter}",
  journal = {Journal of High Energy Physics},
archivePrefix = "arXiv",
   eprint = {1605.01640},
 primaryClass = "cond-mat.str-el",
 keywords = {Anomalies in Field and String Theories, Discrete Symmetries, Topological Field Theories, Topological States of Matter},
     year = 2017,
    month = apr,
   volume = 4,
      eid = {96},
    pages = {96},
      doi = {10.1007/JHEP04(2017)096},
   adsurl = {http://adsabs.harvard.edu/abs/2017JHEP...04..096B},
  adsnote = {Provided by the SAO/NASA Astrophysics Data System}
}
@ARTICLE{KTTW,
   author = {{Kapustin}, A. and {Thorngren}, R. and {Turzillo}, A. and {Wang}, Z.
	},
    title = "{Fermionic symmetry protected topological phases and cobordisms}",
  journal = {Journal of High Energy Physics},
archivePrefix = "arXiv",
   eprint = {1406.7329},
 primaryClass = "cond-mat.str-el",
 keywords = {Topological Field Theories, Effective field theories, Topological States of Matter},
     year = 2015,
    month = dec,
   volume = 12,
      eid = {52},
    pages = {52},
      doi = {10.1007/JHEP12(2015)052},
   adsurl = {http://adsabs.harvard.edu/abs/2015JHEP...12..052K},
  adsnote = {Provided by the SAO/NASA Astrophysics Data System}
}
@ARTICLE{WangGu,
   author = {{Wang}, Q.-R. and {Gu}, Z.-C.},
    title = "{Towards a complete classification of fermionic symmetry protected topological phases in 3D and a general group supercohomology theory}",
  journal = {ArXiv e-prints},
archivePrefix = "arXiv",
   eprint = {1703.10937},
 primaryClass = "cond-mat.str-el",
 keywords = {Condensed Matter - Strongly Correlated Electrons, High Energy Physics - Theory, Mathematical Physics},
     year = 2017,
    month = mar,
   adsurl = {http://adsabs.harvard.edu/abs/2017arXiv170310937W},
  adsnote = {Provided by the SAO/NASA Astrophysics Data System}
}
@ARTICLE{FreedHopkins,
   author = {{Freed}, D.~S. and {Hopkins}, M.~J.},
    title = "{Reflection positivity and invertible topological phases}",
  journal = {ArXiv e-prints},
archivePrefix = "arXiv",
   eprint = {1604.06527},
 primaryClass = "hep-th",
 keywords = {High Energy Physics - Theory, Condensed Matter - Strongly Correlated Electrons, Mathematical Physics, Mathematics - Algebraic Topology},
     year = 2016,
    month = apr,
   adsurl = {http://adsabs.harvard.edu/abs/2016arXiv160406527F},
  adsnote = {Provided by the SAO/NASA Astrophysics Data System}
}
@book{AHSS,
  title={Algebraic Topology: A Student's Guide},
  author={Adams, J.F. and Shepherd, G.C. and London Mathematical Society and Hitchin, N.J.},
  isbn={9780521080767},
  lccn={lc75163178},
  series={Cambridge Milton for Schools a},
  url={https://books.google.co.il/books?id=4hE7AAAAIAAJ},
  year={1972},
  publisher={Cambridge University Press}
}
@ARTICLE{higherberry,
   author = {{Kapustin}, A. and {Thorngren}, R.},
    title = "{Higher Berry Phase}",
    year = {2019},
  journal = {Work in progress},
}
@ARTICLE{kitaevIpam,
   author = {{Kitaev}, A.},
    title = "{Homotopy-theoretic approach to SPT phases in action: Z16 classification of three-dimensional superconductors}",
    year = {2015},
  journal = {IPAM talk},
}
@ARTICLE{DecoratedDomainWalls,
   author = {{Chen}, X. and {Lu}, Y.-M. and {Vishwanath}, A.},
    title = "{Symmetry-protected topological phases from decorated domain walls}",
  journal = {Nature Communications},
archivePrefix = "arXiv",
   eprint = {1303.4301},
 primaryClass = "cond-mat.str-el",
     year = 2014,
    month = mar,
   volume = 5,
      eid = {3507},
    pages = {3507},
      doi = {10.1038/ncomms4507},
   adsurl = {http://adsabs.harvard.edu/abs/2014NatCo...5E3507C},
  adsnote = {Provided by the SAO/NASA Astrophysics Data System}
}
@article{dijkgraafwitten,
author = "Dijkgraaf, Robbert and Witten, Edward",
fjournal = "Communications in Mathematical Physics",
journal = "Comm. Math. Phys.",
number = "2",
pages = "393--429",
publisher = "Springer",
title = "Topological gauge theories and group cohomology",
url = "https://projecteuclid.org:443/euclid.cmp/1104180750",
volume = "129",
year = "1990"
}
@ARTICLE{CGLW,
   author = {{Chen}, X. and {Gu}, Z.-C. and {Liu}, Z.-X. and {Wen}, X.-G.
	},
    title = "{Symmetry protected topological orders and the group cohomology of their symmetry group}",
  journal = {Phys. Rev. B},
archivePrefix = "arXiv",
   eprint = {1106.4772},
 primaryClass = "cond-mat.str-el",
 keywords = {Strongly correlated electron systems, heavy fermions, Algebraic topology},
     year = 2013,
    month = apr,
   volume = 87,
   number = 15,
      eid = {155114},
    pages = {155114},
      doi = {10.1103/PhysRevB.87.155114},
   adsurl = {http://adsabs.harvard.edu/abs/2013PhRvB..87o5114C},
  adsnote = {Provided by the SAO/NASA Astrophysics Data System}
}
@book{milnor1974characteristic,
  title={Characteristic Classes},
  author={Milnor, J.W. and Stasheff, J.D.},
  isbn={9780691081229},
  lccn={lc72004050},
  series={Annals of mathematics studies},
  url={https://books.google.co.il/books?id=5zQ9AFk1i4EC},
  year={1974},
  publisher={Princeton University Press}
}
@inbook{KirbyTaylor, place={Cambridge}, series={London Mathematical Society Lecture Note Series}, title={Pin structures on low-dimensional manifolds}, volume={2}, DOI={10.1017/CBO9780511629341.015}, booktitle={Geometry of Low-Dimensional Manifolds: Symplectic Manifolds and Jones-Witten Theory}, publisher={Cambridge University Press}, author={Kirby, R.C. and Taylor, L.R.},
year={1991}, pages={177–242}, collection={London Mathematical Society Lecture Note Series}}
@ARTICLE{FidkowskiKitaev,
   author = {{Fidkowski}, L. and {Kitaev}, A.},
    title = "{Topological phases of fermions in one dimension}",
  journal = {Phys. Rev. B},
archivePrefix = "arXiv",
   eprint = {1008.4138},
 primaryClass = "cond-mat.str-el",
 keywords = {Fermions in reduced dimensions},
     year = 2011,
    month = feb,
   volume = 83,
   number = 7,
      eid = {075103},
    pages = {075103},
      doi = {10.1103/PhysRevB.83.075103},
   adsurl = {http://adsabs.harvard.edu/abs/2011PhRvB..83g5103F},
  adsnote = {Provided by the SAO/NASA Astrophysics Data System}
}
@ARTICLE{kitaev,
   author = {{Kitaev}, A.~Y.},
    title = "{6. QUANTUM COMPUTING:  Unpaired Majorana fermions in quantum wires}",
  journal = {Physics Uspekhi},
   eprint = {cond-mat/0010440},
     year = 2001,
    month = oct,
   volume = 44,
    pages = {131},
      doi = {10.1070/1063-7869/44/10S/S29},
   adsurl = {http://adsabs.harvard.edu/abs/2001PhyU...44..131K},
  adsnote = {Provided by the SAO/NASA Astrophysics Data System}
}
@book{volovik,
  title={The Universe in a Helium Droplet},
  author={Volovik, G.E.},
  isbn={9780199564842},
  series={International Series of Monographs on Physics},
  url={https://books.google.co.il/books?id=6uj76kFJOHEC},
  year={2009},
  publisher={OUP Oxford}
}
@ARTICLE{KitaevAnyons,
   author = {{Kitaev}, A.},
    title = "{Anyons in an exactly solved model and beyond}",
  journal = {Annals of Physics},
   eprint = {cond-mat/0506438},
     year = 2006,
    month = jan,
   volume = 321,
    pages = {2-111},
      doi = {10.1016/j.aop.2005.10.005},
   adsurl = {http://adsabs.harvard.edu/abs/2006AnPhy.321....2K},
  adsnote = {Provided by the SAO/NASA Astrophysics Data System}
}
@Article{Thom1954,
author="Thom, Ren{\'e}",
title="Quelques propri{\'e}t{\'e}s globales des vari{\'e}t{\'e}s diff{\'e}rentiables",
journal="Commentarii Mathematici Helvetici",
year="1954",
month=12,
day="01",
volume="28",
number="1",
pages="17--86",
issn="1420-8946",
doi="10.1007/BF02566923",
url="https://doi.org/10.1007/BF02566923"
}

@book{cohomologyoperations,
  title={Cohomology Operations and Applications in Homotopy Theory},
  author={Mosher, R.E. and Tangora, M.C.},
  isbn={9780486466644},
  lccn={2008009891},
  series={Dover Books on Mathematics Series},
  url={https://books.google.co.il/books?id=wu79f-7V\_6AC},
  year={2008},
  publisher={Dover Publications}
}
@ARTICLE{MFCV,
   author = {{Metlitski}, M.~A. and {Fidkowski}, L. and {Chen}, X. and {Vishwanath}, A.
	},
    title = "{Interaction effects on 3D topological superconductors: surface topological order from vortex condensation, the 16 fold way and fermionic Kramers doublets}",
  journal = {ArXiv e-prints},
archivePrefix = "arXiv",
   eprint = {1406.3032},
 primaryClass = "cond-mat.str-el",
 keywords = {Condensed Matter - Strongly Correlated Electrons},
     year = 2014,
    month = jun,
   adsurl = {http://adsabs.harvard.edu/abs/2014arXiv1406.3032M},
  adsnote = {Provided by the SAO/NASA Astrophysics Data System}
}

@ARTICLE{FCV,
   author = {{Fidkowski}, L. and {Chen}, X. and {Vishwanath}, A.},
    title = "{Non-Abelian Topological Order on the Surface of a 3D Topological Superconductor from an Exactly Solved Model}",
  journal = {Physical Review X},
archivePrefix = "arXiv",
   eprint = {1305.5851},
 primaryClass = "cond-mat.str-el",
     year = 2013,
    month = oct,
   volume = 3,
   number = 4,
      eid = {041016},
    pages = {041016},
      doi = {10.1103/PhysRevX.3.041016},
   adsurl = {http://adsabs.harvard.edu/abs/2013PhRvX...3d1016F},
  adsnote = {Provided by the SAO/NASA Astrophysics Data System}
}
@article{tHooft:1979rat,
      author         = "'t Hooft, Gerard",
      title          = "{Naturalness, chiral symmetry, and spontaneous chiral
                        symmetry breaking}",
      booktitle      = "{Recent Developments in Gauge Theories. Proceedings, Nato
                        Advanced Study Institute, Cargese, France, August 26 -
                        September 8, 1979}",
      journal        = "NATO Sci. Ser. B",
      volume         = "59",
      year           = "1980",
      pages          = "135-157",
      doi            = "10.1007/978-1-4684-7571-5_9",
      reportNumber   = "PRINT-80-0083 (UTRECHT)",
      SLACcitation   = "%%CITATION = PRINT-80-0083 (UTRECHT);%%"
}
@article{CALLAN1985427,
title = "Anomalies and fermion zero modes on strings and domain walls",
journal = "Nuclear Physics B",
volume = "250",
number = "1",
pages = "427 - 436",
year = "1985",
issn = "0550-3213",
doi = "https://doi.org/10.1016/0550-3213(85)90489-4",
url = "http://www.sciencedirect.com/science/article/pii/0550321385904894",
author = "C.G. Callan and J.A. Harvey"
}
@ARTICLE{2008arXiv0802.0634B,
   author = {{Bilal}, A.},
    title = "{Lectures on Anomalies}",
  journal = {ArXiv e-prints},
archivePrefix = "arXiv",
   eprint = {0802.0634},
 primaryClass = "hep-th",
 keywords = {High Energy Physics - Theory},
     year = 2008,
    month = feb,
   adsurl = {http://adsabs.harvard.edu/abs/2008arXiv0802.0634B},
  adsnote = {Provided by the SAO/NASA Astrophysics Data System}
}
@ARTICLE{2014arXiv1403.1467K,
   author = {{Kapustin}, A.},
    title = "{Symmetry Protected Topological Phases, Anomalies, and Cobordisms: Beyond Group Cohomology}",
  journal = {ArXiv e-prints},
archivePrefix = "arXiv",
   eprint = {1403.1467},
 primaryClass = "cond-mat.str-el",
 keywords = {Condensed Matter - Strongly Correlated Electrons, High Energy Physics - Theory},
     year = 2014,
    month = mar,
   adsurl = {http://adsabs.harvard.edu/abs/2014arXiv1403.1467K},
  adsnote = {Provided by the SAO/NASA Astrophysics Data System}
}
@ARTICLE{anomaliesvarious,
   author = {{Kapustin}, A. and {Thorngren}, R.},
    title = "{Anomalies of discrete symmetries in various dimensions and group cohomology}",
  journal = {ArXiv e-prints},
archivePrefix = "arXiv",
   eprint = {1404.3230},
 primaryClass = "hep-th",
 keywords = {High Energy Physics - Theory, Condensed Matter - Strongly Correlated Electrons},
     year = 2014,
    month = apr,
   adsurl = {http://adsabs.harvard.edu/abs/2014arXiv1404.3230K},
  adsnote = {Provided by the SAO/NASA Astrophysics Data System}
}
@ARTICLE{senthilSPT,
   author = {{Senthil}, T.},
    title = "{Symmetry-Protected Topological Phases of Quantum Matter}",
  journal = {Annual Review of Condensed Matter Physics},
archivePrefix = "arXiv",
   eprint = {1405.4015},
 primaryClass = "cond-mat.str-el",
     year = 2015,
    month = mar,
   volume = 6,
    pages = {299-324},
      doi = {10.1146/annurev-conmatphys-031214-014740},
   adsurl = {http://adsabs.harvard.edu/abs/2015ARCMP...6..299S},
  adsnote = {Provided by the SAO/NASA Astrophysics Data System}
}
@ARTICLE{BelovMoore,
   author = {{Belov}, D. and {Moore}, G.~W.},
    title = "{Classification of abelian spin Chern-Simons theories}",
  journal = {ArXiv High Energy Physics - Theory e-prints},
   eprint = {hep-th/0505235},
 keywords = {High Energy Physics - Theory, Condensed Matter - Mesoscopic Systems and Quantum Hall Effect, Mathematics - Quantum Algebra},
     year = 2005,
    month = may,
   adsurl = {http://adsabs.harvard.edu/abs/2005hep.th....5235B},
  adsnote = {Provided by the SAO/NASA Astrophysics Data System}
}
@book{francesco2012conformal,
  title={Conformal Field Theory},
  author={Francesco, P. and Mathieu, P. and Senechal, D.},
  isbn={9781461222569},
  series={Graduate Texts in Contemporary Physics},
  url={https://books.google.co.il/books?id=5u7jBwAAQBAJ},
  year={2012},
  publisher={Springer New York}
}
@ARTICLE{FUCHS,
   author = {{Fr{\"o}hlich}, J. and {Fuchs}, J. and {Runkel}, I. and {Schweigert}, C.
	},
    title = "{Kramers-Wannier Duality from Conformal Defects}",
  journal = {Physical Review Letters},
   eprint = {cond-mat/0404051},
 keywords = {Lattice theory and statistics, Conformal field theory algebraic structures, Order-disorder transformations, statistical mechanics of model systems},
     year = 2004,
    month = aug,
   volume = 93,
   number = 7,
      eid = {070601},
    pages = {070601},
      doi = {10.1103/PhysRevLett.93.070601},
   adsurl = {http://adsabs.harvard.edu/abs/2004PhRvL..93g0601F},
  adsnote = {Provided by the SAO/NASA Astrophysics Data System}
}
@ARTICLE{groupoids,
   author = {{Baez}, J.~C. and {Hoffnung}, A.~E. and {Walker}, C.~D.},
    title = "{Higher-Dimensional Algebra VII: Groupoidification}",
  journal = {ArXiv e-prints},
archivePrefix = "arXiv",
   eprint = {0908.4305},
 primaryClass = "math.QA",
 keywords = {Mathematics - Quantum Algebra, Mathematics - Category Theory, 16G20, 17B37, 20C05, 20L05, 81T18},
     year = 2009,
    month = aug,
   adsurl = {http://adsabs.harvard.edu/abs/2009arXiv0908.4305B},
  adsnote = {Provided by the SAO/NASA Astrophysics Data System}
}
@ARTICLE{kapustinicm,
   author = {{Kapustin}, A.},
    title = "{Topological Field Theory, Higher Categories, and Their Applications}",
  journal = {ArXiv e-prints},
archivePrefix = "arXiv",
   eprint = {1004.2307},
 primaryClass = "math.QA",
 keywords = {Mathematics - Quantum Algebra, High Energy Physics - Theory},
     year = 2010,
    month = apr,
   adsurl = {http://adsabs.harvard.edu/abs/2010arXiv1004.2307K},
  adsnote = {Provided by the SAO/NASA Astrophysics Data System}
}
@ARTICLE{hkt,
   author = {{Hason}, I. and {Komargodski}, Z. and {Thorngren}, R.},
    title = "{CPT, Domain Walls, and Anomalies}",
  journal = {To Appear},
  year ={2018}
}
@ARTICLE{CGW,
   author = {{Chen}, X. and {Gu}, Z.-C. and {Wen}, X.-G.},
    title = "{Complete classification of one-dimensional gapped quantum phases in interacting spin systems}",
  journal = {Phys. Rev. B},
archivePrefix = "arXiv",
   eprint = {1103.3323},
 primaryClass = "cond-mat.str-el",
 keywords = {Spin chain models, Quantum phase transitions, Non-Fermi-liquid ground states electron phase diagrams and phase transitions in model systems},
     year = 2011,
    month = dec,
   volume = 84,
   number = 23,
      eid = {235128},
    pages = {235128},
      doi = {10.1103/PhysRevB.84.235128},
   adsurl = {http://adsabs.harvard.edu/abs/2011PhRvB..84w5128C},
  adsnote = {Provided by the SAO/NASA Astrophysics Data System}
}
@Article{theta,
author="Gaiotto, Davide
and Kapustin, Anton
and Komargodski, Zohar
and Seiberg, Nathan",
title="Theta, time reversal and temperature",
journal="Journal of High Energy Physics",
year="2017",
month="May",
day="17",
volume="2017",
number="5",
pages="91",
doi="10.1007/JHEP05(2017)091",
url="https://doi.org/10.1007/JHEP05(2017)091"
}
@ARTICLE{omri,
   author = {{Golan}, O. and {Stern}, A.},
    title = "{Probing topological superconductors with emergent gravity}",
  journal = {Phys. Rev. B},
archivePrefix = "arXiv",
   eprint = {1802.09421},
 primaryClass = "cond-mat.mes-hall",
     year = 2018,
    month = aug,
   volume = 98,
   number = 6,
      eid = {064503},
    pages = {064503},
      doi = {10.1103/PhysRevB.98.064503},
   adsurl = {http://adsabs.harvard.edu/abs/2018PhRvB..98f4503G},
  adsnote = {Provided by the SAO/NASA Astrophysics Data System}
}
@ARTICLE{majoranaduality,
   author = {{Metlitski}, M.~A. and {Vishwanath}, A. and {Xu}, C.},
    title = "{Duality and bosonization of (2 +1 ) -dimensional Majorana fermions}",
  journal = {Phys. Rev. B},
archivePrefix = "arXiv",
   eprint = {1611.05049},
 primaryClass = "cond-mat.str-el",
     year = 2017,
    month = may,
   volume = 95,
   number = 20,
      eid = {205137},
    pages = {205137},
      doi = {10.1103/PhysRevB.95.205137},
   adsurl = {http://adsabs.harvard.edu/abs/2017PhRvB..95t5137M},
  adsnote = {Provided by the SAO/NASA Astrophysics Data System}
}
@ARTICLE{HsinSeiberg,
   author = {{Hsin}, P.-S. and {Seiberg}, N.},
    title = "{Level/rank duality and Chern-Simons-matter theories}",
  journal = {Journal of High Energy Physics},
archivePrefix = "arXiv",
   eprint = {1607.07457},
 primaryClass = "hep-th",
 keywords = {Chern-Simons Theories, Duality in Gauge Field Theories, Nonperturbative Effects, Topological Field Theories},
     year = 2016,
    month = sep,
   volume = 9,
      eid = {95},
    pages = {95},
      doi = {10.1007/JHEP09(2016)095},
   adsurl = {http://adsabs.harvard.edu/abs/2016JHEP...09..095H},
  adsnote = {Provided by the SAO/NASA Astrophysics Data System}
}
@ARTICLE{yoni,
   author = {{BenTov}, Y.},
    title = "{Fermion masses without symmetry breaking in two spacetime dimensions}",
  journal = {Journal of High Energy Physics},
archivePrefix = "arXiv",
   eprint = {1412.0154},
 primaryClass = "cond-mat.str-el",
 keywords = {Field Theories in Lower Dimensions, Topological States of Matter, Gauge Symmetry, Global Symmetries},
     year = 2015,
    month = jul,
   volume = 7,
      eid = {34},
    pages = {34},
      doi = {10.1007/JHEP07(2015)034},
   adsurl = {http://adsabs.harvard.edu/abs/2015JHEP...07..034B},
  adsnote = {Provided by the SAO/NASA Astrophysics Data System}
}
@ARTICLE{witten,
   author = {{Witten}, E.},
    title = "{The ``parity'' anomaly on an unorientable manifold}",
  journal = {Phys. Rev. B},
archivePrefix = "arXiv",
   eprint = {1605.02391},
 primaryClass = "hep-th",
     year = 2016,
    month = nov,
   volume = 94,
   number = 19,
      eid = {195150},
    pages = {195150},
      doi = {10.1103/PhysRevB.94.195150},
   adsurl = {http://adsabs.harvard.edu/abs/2016PhRvB..94s5150W},
  adsnote = {Provided by the SAO/NASA Astrophysics Data System}
}
@ARTICLE{maissam,
   author = {{Barkeshli}, M. and {Cheng}, M.},
    title = "{Time-reversal and spatial-reflection symmetry localization anomalies in (2+1)-dimensional topological phases of matter}",
  journal = {Phys. Rev. B},
archivePrefix = "arXiv",
   eprint = {1706.09464},
 primaryClass = "cond-mat.str-el",
     year = 2018,
    month = sep,
   volume = 98,
   number = 11,
      eid = {115129},
    pages = {115129},
      doi = {10.1103/PhysRevB.98.115129},
   adsurl = {http://adsabs.harvard.edu/abs/2018PhRvB..98k5129B},
  adsnote = {Provided by the SAO/NASA Astrophysics Data System}
}